<record><leader>00000cas a2200000 a 4500</leader><controlfield tag="001">29241638</controlfield><controlfield tag="008">931103d1957196uiluwr ne      0   a0eng c</controlfield><datafield ind1=" " ind2=" " tag="010"><subfield code="a">sn 93056112 </subfield></datafield><datafield ind1=" " ind2=" " tag="040"><subfield code="a">NVF</subfield><subfield code="b">eng</subfield><subfield code="c">NVF</subfield><subfield code="d">NVF</subfield><subfield code="d">OCLCF</subfield><subfield code="d">OCLCO</subfield><subfield code="d">NVF</subfield><subfield code="d">OCLCO</subfield><subfield code="d">OCL</subfield></datafield><datafield ind1="1" ind2=" " tag="029"><subfield code="a">AU@</subfield><subfield code="b">000024457632</subfield></datafield><datafield ind1=" " ind2=" " tag="042"><subfield code="a">pcc</subfield></datafield><datafield ind1=" " ind2=" " tag="043"><subfield code="a">n-us-il</subfield></datafield><datafield ind1="0" ind2="4" tag="245"><subfield code="a">The Stephenson farmer.</subfield></datafield><datafield ind1=" " ind2=" " tag="260"><subfield code="a">Lena, Ill. :</subfield><subfield code="b">Stephenson-Carroll Publishers,</subfield><subfield code="c">1957-[196-?].</subfield></datafield><datafield ind1=" " ind2=" " tag="300"><subfield code="a">volumes</subfield></datafield><datafield ind1=" " ind2=" " tag="310"><subfield code="a">Weekly</subfield></datafield><datafield ind1="0" ind2=" " tag="362"><subfield code="a">Vol. 91, no. 40 (Oct. 3, 1957)-</subfield></datafield><datafield ind1=" " ind2=" " tag="515"><subfield code="a">Continues the numbering of Lena star (Lena, Ill. : 1934).</subfield></datafield><datafield ind1=" " ind2=" " tag="588"><subfield code="a">Latest issue consulted: Jan. 7, 1965.</subfield></datafield><datafield ind1=" " ind2="0" tag="650"><subfield code="a">Farmers</subfield><subfield code="z">Illinois</subfield><subfield code="z">Stephenson County</subfield><subfield code="v">Newspapers.</subfield></datafield><datafield ind1=" " ind2="0" tag="650"><subfield code="a">Agriculture</subfield><subfield code="z">Illinois</subfield><subfield code="z">Stephenson County</subfield><subfield code="v">Newspapers.</subfield></datafield><datafield ind1=" " ind2="0" tag="651"><subfield code="a">Stephenson County (Ill.)</subfield><subfield code="v">Newspapers.</subfield></datafield><datafield ind1=" " ind2="0" tag="651"><subfield code="a">Lena (Ill.)</subfield><subfield code="v">Newspapers.</subfield></datafield><datafield ind1=" " ind2="7" tag="655"><subfield code="a">Newspapers.</subfield><subfield code="2">fast</subfield><subfield code="0">(OCoLC)fst01423814</subfield></datafield><datafield ind1=" " ind2="7" tag="650"><subfield code="a">Agriculture.</subfield><subfield code="2">fast</subfield><subfield code="0">(OCoLC)fst00801355</subfield></datafield><datafield ind1=" " ind2="7" tag="650"><subfield code="a">Farmers.</subfield><subfield code="2">fast</subfield><subfield code="0">(OCoLC)fst00921321</subfield></datafield><datafield ind1=" " ind2="7" tag="651"><subfield code="a">Illinois</subfield><subfield code="z">Lena.</subfield><subfield code="2">fast</subfield><subfield code="0">(OCoLC)fst01235410</subfield></datafield><datafield ind1=" " ind2="7" tag="651"><subfield code="a">Illinois</subfield><subfield code="z">Stephenson County.</subfield><subfield code="2">fast</subfield><subfield code="0">(OCoLC)fst01213231</subfield></datafield><datafield ind1=" " ind2=" " tag="752"><subfield code="a">United States</subfield><subfield code="b">Illinois</subfield><subfield code="c">Stephenson County</subfield><subfield code="d">Lena.</subfield></datafield><datafield ind1="0" ind2="0" tag="780"><subfield code="t">Lena star (Lena, Ill. : 1934)</subfield><subfield code="w">(DLC)sn 93056111</subfield><subfield code="w">(OCoLC)29241560</subfield></datafield><datafield ind1="0" ind2="5" tag="780"><subfield code="t">Pearl City news</subfield><subfield code="w">(DLC)sn 93056114</subfield><subfield code="w">(OCoLC)29241796</subfield></datafield><datafield ind1="0" ind2="0" tag="785"><subfield code="t">Northwestern Illinois farmer</subfield><subfield code="w">(DLC)sn 93056113</subfield><subfield code="w">(OCoLC)29241726</subfield></datafield></record>